<?xml version="1.0" encoding="UTF-8"?><collection xmlns="http://www.loc.gov/MARC21/slim"><record><leader>00591nam--2200193-i-4500</leader><controlfield tag="001">000010474</controlfield><controlfield tag="002">20161230</controlfield><controlfield tag="005">20170223112541</controlfield><controlfield tag="008">060222s1000------------r-----000-0-eng-d</controlfield><datafield ind1=" " ind2=" " tag="040"><subfield code="a">IFIN-HH</subfield></datafield><datafield ind1=" " ind2=" " tag="080"><subfield code="a">530.145:531.19</subfield></datafield><datafield ind1="1" ind2=" " tag="100"><subfield code="a">Dewitt, C</subfield></datafield><datafield ind1="1" ind2="0" tag="245"><subfield code="a">Statistical Mechanics and Quantum Field Theory. Mecanique statistique et theorie quantique des champs</subfield><subfield code="c">C. DeWitt, R. Stora</subfield></datafield><datafield ind1=" " ind2=" " tag="260"><subfield code="a">New York</subfield><subfield code="b">Gordon and Breach Science Publishers</subfield><subfield code="c">1971</subfield></datafield><datafield ind1=" " ind2=" " tag="300"><subfield code="a">XVI</subfield><subfield code="c">552p</subfield></datafield><datafield ind1=" " ind2="0" tag="490"><subfield code="a">Les Houches 1970</subfield></datafield><datafield ind1="1" ind2=" " tag="700"><subfield code="a">Stora, R</subfield></datafield><datafield ind1=" " ind2=" " tag="852"><subfield code="a">36372</subfield><subfield code="c">530.145</subfield></datafield><datafield ind1=" " ind2=" " tag="CAT"><subfield code="a">SYS</subfield><subfield code="c">20170223</subfield><subfield code="h">112541</subfield></datafield></record></collection>